@phdthesis{Brunner2017,
    title = {{FPGA-based High Performance Diagnostics For Fusion}},
    year = {2017},
    author = {Brunner, Kai Jakob},
    month = {3},
    volume = {0},
    url = {http://etheses.dur.ac.uk/12026/%0A},
    school = {University of Durham}
}

@article{Yao2017DevelopmentEAST,
    title = {{Development and integration of a 50 Hz pellet injection system for the Experimental Advanced Superconducting Tokamak (EAST)}},
    year = {2017},
    journal = {Fusion Engineering and Design},
    author = {Yao, Xingjia and Chen, Yue and Hu, Jiansheng and Vinyar, Igor and Lukin, Alexander and Yuan, Xiaoling and Li, Changzheng and Liu, Haiqing},
    doi = {10.1016/j.fusengdes.2016.11.014},
    issn = {09203796},
    keywords = {50 Hz, EAST, Engineering test, Pellet injection, Pumping system design}
}

@article{Takase2016AnalysisReactor,
    title = {{Analysis of plasma position control for DEMO reactor}},
    year = {2016},
    journal = {Fusion Engineering and Design},
    author = {Takase, Haruhiko and Utoh, Hiroyasu and Sakamoto, Yoshiteru and Mori, Kazuo and Kudo, Tatsuya and Tobita, Kenji},
    pages = {1386--1391},
    volume = {109111},
    doi = {10.1016/j.fusengdes.2015.12.016},
    keywords = {Blanket module, DEMO reactor, Flux loop, Numerical simulation, Plasma position control}
}

@article{Guo2014ATemperature,
    title = {{A Novel Hohlraum with Ultrathin Depleted-Uranium-Nitride Coating Layer for Low Hard X-ray Emission and High Radiation Temperature}},
    year = {2014},
    author = {Guo, Liang and Ding, Yongkun and Xing, Peifeng and Li, Sanwei and Kuang, Longyu and Li, Zhichao and Yi, Taimin and Ren, Guoli and Wu, Zheqing and Jing, Longfei and Zhang, Wenhai and Zhan, Xiayu and Yang, Dong and Jiang, Bobin and Yang, Jiamin and Liu, Shenye and Jiang, Shaoen and Li, Yongsheng and Liu, Jie and Huo, Wenyi and Lan, Ke and Zhang, Weiyan and He, Xiantu},
    arxivId = {arXiv:1410.7514v3},
    keywords = {()}
}

@article{Ochiai2016AJAEA/FNS,
    title = {{A new blanket tritium recovery experiment with intense DT neutron source at JAEA/FNS}},
    year = {2016},
    journal = {Fusion Engineering and Design},
    author = {Ochiai, Kentaro and Edao, Yuki and Hoshino, Tsuyoshi and Kawamura, Yoshinori and Ohta, Masayuki and Kwon, Saerom and Konno, Chikara},
    pages = {1143--1147},
    volume = {109111},
    doi = {10.1016/j.fusengdes.2016.01.002},
    keywords = {Blanket, DT neutron, Ionization chamber, JAEA/FNS, Tritium, Tritium recovery}
}

@article{Li2017ControlHUST,
    title = {{Control system for RF-driven negative ion source experimental setup at HUST}},
    year = {2017},
    journal = {Fusion Engineering and Design},
    author = {Li, Dong and Wang, Xiaomin and Zhao, Peng and Liu, Kaifeng and Zhang, Lige and Yue, Haikun and Chen, Dezhi and Zuo, Chen},
    doi = {10.1016/j.fusengdes.2016.12.024},
    issn = {09203796},
    keywords = {CompactRIO, Control system, Queue structure, RF-driven ion source, TCP/IP}
}

@article{Postupaev2016HelicalTraps,
    title = {{Helical mirrors for active plasma flow suppression in linear magnetic traps}},
    year = {2016},
    journal = {Fusion Engineering and Design},
    author = {Postupaev, V. V. and Sudnikov, A. V. and Beklemishev, A. D. and Ivanov, I. A.},
    doi = {10.1016/j.fusengdes.2016.03.029},
    issn = {09203796},
    keywords = {Helical mirror, Open traps, Plasma rotation, SMOLA device}
}

@article{Ionete2017DesorptionBeds,
    title = {{Desorption of protium and deuterium from different types of titanium beds}},
    year = {2017},
    journal = {Fusion Engineering and Design},
    author = {Ionete, Eusebiu Ilarian and Dylst, Kris and Gheorghe, Costeanu Claudiu and Stefan, Spiridon Ionut and Florian, Bogdan and Broeckx, Wouter},
    pages = {61--65},
    volume = {116},
    doi = {10.1016/j.fusengdes.2017.01.034},
    keywords = {Desorption, Deuterium, Protium, Storage, Titanium beds}
}

@article{HeinProductionNIF,
    title = {{Production Manufacturing of Depleted Uranium Hohlraums for the National Ignition Facility (NIF)}},
    author = {Hein, N A and Wilkens, H L and Nikroo, A and Chen, H.-C B and Streckert, H H and Quan, K and Wall, J R and Fuller, T A and Jackson, M R and Giraldez, E M and Price, S J and Sohn, R J}
}

@inproceedings{Streckert2013ProcessHohlraums,
    title = {{Process control improvements for production of depleted uranium hohlraums}},
    year = {2013},
    booktitle = {Fusion Science and Technology},
    author = {Streckert, H. and Blobaum, K. and Chen, B. and Fair, J. E. and Hein, N. and Nikroo, A. and Quan, K. and Stadermann, M.},
    isbn = {1536-1055},
    issn = {15361055},
    keywords = {Blistering, Depleted uranium hohlraum, Process control improvements}
}

@article{Bell2001JetPhases,
    title = {{Jet tritium inventory-control and measurement during DT, shutdown and DD operational phases}},
    year = {2001},
    journal = {Fusion Engineering and Design},
    author = {Bell, A. C. and Brennan, P. D.},
    doi = {10.1016/S0920-3796(00)00552-4},
    issn = {09203796},
    keywords = {Active gas handling system, DD operations, Tritium}
}

@article{Gonzalez2017DistributionTokamak,
    title = {{Distribution of the In-Vessel Diagnostics in ITER Tokamak}},
    year = {2017},
    journal = {Fusion Engineering and Design},
    author = {Gonz{\'{a}}lez, Jorge and Clough, Matthew and Martin, Alex and Woods, Nick and Suarez, Alejandro and Martinez, Gonzalo and Stefan, Gicquel and Yunxing, Ma},
    pages = {180--186},
    volume = {114},
    doi = {10.1016/j.fusengdes.2016.12.009},
    keywords = {Blankets, Diagnostics, ITER Tokamak, Integration}
}

@article{5:Purpose,
    title = {{5: Langmuir's Probe Purpose}}
}

@article{Du2017ITERLine,
    title = {{ITER PF6 double pancakes winding line}},
    year = {2017},
    journal = {Fusion Engineering and Design},
    author = {Du, Shuangsong and Wen, Wei and Chen, Jin and Wu, Weiyue and Song, Yuntao and Shen, Guang},
    pages = {10--16},
    volume = {116},
    doi = {10.1016/j.fusengdes.2017.01.022},
    keywords = {Double pancake, ITER magnets, PF6 coil, Winding line}
}

@article{Salmi2017NeutralST40,
    title = {{Neutral beam optimisation for the spherical tokamak ST40}},
    year = {2017},
    journal = {Fusion Engineering and Design},
    author = {Salmi, A and Gryaznevich, M and Buxton, P and Nightingale, M and Tala, T},
    pages = {14--19},
    volume = {117},
    doi = {10.1016/j.fusengdes.2017.02.001},
    keywords = {NBI, Neutral beam, Nuclear fusion, ST40, Spherical tokamak}
}

@article{Qi2016SimulationsZ-FFR,
    title = {{Simulations of fusion chamber dynamics and first wall response in a Z-pinch driven fusion-fission hybrid power reactor (Z-FFR)}},
    year = {2016},
    journal = {Fusion Engineering and Design},
    author = {Qi, J. M. and Wang, Z. and Chu, Y. Y. and Li, Z. H.},
    doi = {10.1016/j.fusengdes.2016.02.020},
    issn = {09203796},
    keywords = {First wall, Fusion chamber, Fusion-fission hybrid energy, Radiation hydrodynamics, Thermomechanical response}
}

@article{HeungTitaniumU,
    title = {{Titanium for Long-Term Tritium Storage (U)}},
    author = {Heung, L K}
}

@article{WeaverDOE-HDBK-1129-2007STORAGE,
    title = {{DOE-HDBK-1129-2007 M a r c h 2 0 0 7 {\_}{\_}{\_}{\_}{\_}{\_}{\_}{\_}{\_}{\_}{\_}{\_}{\_}{\_}{\_}{\_}{\_}{\_}{\_}{\_} DOE HANDBOOK TRITIUM HANDLING AND SAFE STORAGE}},
    author = {{Weaver}},
    keywords = {department of energy, doe-hdbk-1129-2007, project number saft-0100, safe storage, technical standards program, tritium handling}
}

@article{Nobuta2016TritiumHelium,
    title = {{Tritium desorption and tritium removal from tungsten pre-irradiated with helium}},
    year = {2016},
    journal = {Fusion Engineering and Design},
    author = {Nobuta, Yuji and Hatano, Yuji and Torikai, Yuji and Matsuyama, Masao and Abe, Shinsuke and Yamauchi, Yuji},
    pages = {1179--1182},
    volume = {109-111},
    doi = {10.1016/j.fusengdes.2015.12.059},
    keywords = {Ion irradiation, Isochronal heating, Thermal desorption, Tritium retention, Tungsten}
}

@article{Xiang2017PreparationBreeders,
    title = {{Preparation, performances and reaction mechanism of the Li 4+x Al x Si 1−x O 4 pebbles for advanced tritium breeders}},
    year = {2017},
    journal = {Fusion Engineering and Design},
    author = {Xiang, Maoqiao and Zhang, Yingchun and Zhang, Yun and Li, Guangbin and Dong, Jinquan and Wang, Zimeng},
    pages = {17--23},
    volume = {116},
    doi = {10.1016/j.fusengdes.2017.01.020},
    keywords = {Advanced tritium breeders, Li4+xAlxSi1−xO4, Reaction mechanism, Solid reaction}
}

@article{Rosanvallon2016WasteITER,
    title = {{Waste management plans for ITER}},
    year = {2016},
    journal = {Fusion Engineering and Design},
    author = {Rosanvallon, S and Torcy, D and Chon, J K and Dammann, A},
    pages = {1442--1446},
    volume = {109-111},
    doi = {10.1016/j.fusengdes.2015.12.002},
    keywords = {Characterization, Decommissioning, ITER, Nuclear, Waste}
}

@article{Konishi2008FuelDEMO,
    title = {{Fuel cycle design for ITER and its extrapolation to DEMO}},
    year = {2008},
    journal = {Fusion Engineering and Design},
    author = {Konishi, Satoshi and Glugla, Manfred and Hayashi, Takumi},
    number = {7-9},
    volume = {83},
    isbn = {0920-3796},
    doi = {10.1016/j.fusengdes.2008.06.060},
    issn = {09203796}
}

@misc{Demange2012OverviewDEMO,
    title = {{Overview of R{\&}D at TLK for process and analytical issues on tritium management in breeder blankets of ITER and DEMO}},
    year = {2012},
    booktitle = {Fusion Engineering and Design},
    author = {Demange, D. and Alecu, C. G. and Bekris, N. and Borisevich, O. and Bornschein, B. and Fischer, S. and Gramlich, N. and K{\"{o}}ll{\"{o}}, Z. and Le, T. L. and Michling, R. and Priester, F. and R{\"{o}}llig, M. and Schl{\"{o}}sser, M. and St{\"{a}}mmler, S. and Sturm, M. and Wagner, R. and Welte, S.},
    number = {7-8},
    volume = {87},
    isbn = {09203796},
    doi = {10.1016/j.fusengdes.2012.02.105},
    issn = {09203796}
}

@inproceedings{Bornschein2013TritiumBlankets,
    title = {{Tritium management and safety issues in ITER and DEMO breeding blankets}},
    year = {2013},
    booktitle = {Fusion Engineering and Design},
    author = {Bornschein, B. and Day, C. and Demange, D. and Pinna, T.},
    number = {6-8},
    volume = {88},
    isbn = {0920-3796},
    doi = {10.1016/j.fusengdes.2013.03.032},
    issn = {09203796}
}

@article{Juszczak1999FiberInterferometry,
    title = {{Fiber heterodyne interferometry}},
    year = {1999},
    journal = {International {\ldots}},
    author = {Juszczak, R},
    issn = {0277786X},
    keywords = {fiber, fiber interferometry, heterodyne interferometry}
}

@book{Chen1984IntroductionFusion,
    title = {{Introduction to plasma physics and controlled fusion}},
    year = {1984},
    booktitle = {Plenum Press, New York},
    author = {Chen, Francis F},
    pages = {160},
    volume = {53},
    isbn = {9788578110796},
    doi = {10.1017/CBO9781107415324.004},
    issn = {1098-6596},
    pmid = {25246403},
    arxivId = {arXiv:1011.1669v3},
    keywords = {icle}
}

@article{Cargill2007FundamentalsPhysics,
    title = {{Fundamentals of Plasma Physics}},
    year = {2007},
    journal = {Plasma Physics and Controlled Fusion},
    author = {Cargill, P J},
    number = {2},
    pages = {197--197},
    volume = {49},
    isbn = {9780521821162},
    doi = {10.1088/0741-3335/49/2/B01},
    issn = {0741-3335},
    pmid = {20309313},
    arxivId = {arXiv:1011.1669v3}
}

@book{Freidberg2007PlasmaEnergy,
    title = {{Plasma physics and fusion energy}},
    year = {2007},
    booktitle = {Cambridge University Press},
    author = {Freidberg, J P},
    pages = {671},
    volume = {1},
    url = {http://books.google.com/books?hl=en&amp;lr=&amp;id=Vyoe88GEVz4C&amp;oi=fnd&amp;pg=PA3&amp;dq=Plasma+physics+and+fusion+energy&amp;ots=YvnpbizFsX&amp;sig=Cu0BZ0VcBGR0LHPrYF0bJZRR3KQ},
    isbn = {0521851076},
    doi = {10.2277/0521851076},
    issn = {0717-6163},
    pmid = {10694814},
    arxivId = {arXiv:1011.1669v3}
}

@article{Krasheninnikov2011MultifacetedDevices,
    title = {{Multifaceted physics of edge plasma in magnetic fusion devices}},
    year = {2011},
    journal = {Plasma Physics and Controlled Fusion},
    author = {Krasheninnikov, Sergei},
    number = {7},
    pages = {074017},
    volume = {53},
    doi = {10.1088/0741-3335/53/7/074017},
    issn = {0741-3335}
}

@article{Hartfuss1999HeterodyneReflectometry,
    title = {{Heterodyne methods in millimetre wave plasma diagnostics with applications to ECE, interferometry and reflectometry}},
    year = {1999},
    journal = {Plasma Physics and Controlled Fusion},
    author = {Hartfuss, H J and Geist, T and Hirsch, M},
    number = {11},
    pages = {1693--1769},
    volume = {39},
    url = {http://iopscience.iop.org/article/10.1088/0741-3335/39/11/001/pdf},
    isbn = {0741-3335},
    doi = {10.1088/0741-3335/39/11/001},
    issn = {0741-3335}
}

@article{Loffeld2008PhaseFiltering,
    title = {{Phase Unwrapping for SAR Interferometry—A Data Fusion Approach by Kalman Filtering}},
    year = {2008},
    journal = {IEEE Transactions on Geoscience and Remote Sensing},
    author = {Loffeld, Otmar and Nies, Holger and Knedlik, Stefan and Yu, Wang},
    number = {1},
    pages = {47--58},
    volume = {46},
    url = {http://ieeexplore.ieee.org/lpdocs/epic03/wrapper.htm?arnumber=4407629},
    isbn = {0780352076},
    doi = {10.1109/TGRS.2007.909081},
    issn = {0196-2892}
}

@article{Wagner2013PhysicsFusion,
    title = {{Physics of magnetic confinement fusion}},
    year = {2013},
    journal = {EPJ Web of Conferences},
    author = {Wagner, F},
    pages = {01007},
    volume = {54},
    url = {https://www.epj-conferences.org/articles/epjconf/pdf/2013/15/epjconf_lnes2012_01007.pdf%5Cnhttp://www.epj-conferences.org/10.1051/epjconf/20135401007},
    isbn = {9788874380794},
    doi = {10.1051/epjconf/20135401007},
    issn = {2100-014X}
}

@article{Mccarroll2008FundamentalsMiyamoto,
    title = {{Fundamentals of Plasma Physics and Controlled Fusion Kenro Miyamoto}},
    year = {2008},
    journal = {Nature Genetics},
    author = {Mccarroll, Steven a and Huett, Alan and Kuballa, Petric and Chilewski, Shannon D and Landry, Aimee and Goyette, Philippe and Zody, Michael C and Hall, Jennifer L and Brant, Steven R and Cho, Judy H and Duerr, Richard H and Silverberg, Mark S and Taylor, Kent D and Rioux, John D and Altshuler, David and Daly, Mark J and Xavier, Ramnik J},
    number = {1},
    pages = {1--6},
    volume = {175},
    url = {http://dx.doi.org/10.1016/j.forsciint.2007.04.226},
    doi = {10.1038/ng.215},
    pmid = {17574361}
}

@book{Hutchinson2005PrinciplesDiagnostics,
    title = {{Principles of Plasma Diagnostics}},
    year = {2005},
    booktitle = {Plasma Physics},
    author = {Hutchinson, I. H.},
    pages = {460},
    publisher = {Cambridge University Press},
    isbn = {9780521675741},
    doi = {10.1017/CBO9780511613630},
    issn = {0036-8075},
    pmid = {17839097},
    arxivId = {arXiv:1011.1669v3}
}

@misc{Krall1974PrinciplesPhysics,
    title = {{Principles of Plasma Physics}},
    year = {1974},
    booktitle = {IEEE Transactions on Plasma Science},
    author = {Krall, Nicholas A. and Trivelpiece, Alvin W. and Symon, K. R.},
    number = {3},
    pages = {196},
    volume = {2},
    isbn = {0070353468},
    doi = {10.1109/TPS.1974.4316834},
    issn = {19399375},
    pmid = {770308}
}

@article{Freidberg2015DesigningIn,
    title = {{Designing a tokamak fusion reactor - How does plasma physics fit in?}},
    year = {2015},
    journal = {Physics of Plasmas},
    author = {Freidberg, J. P. and Mangiarotti, F. J. and Minervini, J.},
    number = {7},
    volume = {22},
    isbn = {0945020945},
    doi = {10.1063/1.4923266},
    issn = {10897674}
}

@book{Stacey2010Fusion:Fusion,
    title = {{Fusion: An Introduction to the Physics and Technology of Magnetic Confinement Fusion}},
    year = {2010},
    booktitle = {Physics Today},
    author = {Stacey, W M},
    number = {8},
    pages = {262},
    volume = {38},
    url = {http://link.aip.org/link/PHTOAD/v38/i8/p70/s1&Agg=doi},
    isbn = {9783527406791},
    doi = {10.1063/1.2814671},
    issn = {00319228}
}

@book{Freidberg2007PlasmaEnergyb,
    title = {{Plasma Physics and Fusion Energy}},
    year = {2007},
    booktitle = {Cambridge University Press},
    author = {Freidberg, Jeffrey P},
    pages = {671},
    volume = {1},
    url = {http://books.google.com/books?hl=en&amp;lr=&amp;id=Vyoe88GEVz4C&amp;oi=fnd&amp;pg=PA3&amp;dq=Plasma+physics+and+fusion+energy&amp;ots=YvnpbizFsX&amp;sig=Cu0BZ0VcBGR0LHPrYF0bJZRR3KQ},
    isbn = {0521851076},
    doi = {10.2277/0521851076},
    issn = {0717-6163},
    pmid = {10694814},
    arxivId = {arXiv:1011.1669v3}
}

@article{Haines1996FiftyResearch,
    title = {{Fifty years of controlled fusion research}},
    year = {1996},
    journal = {Plasma Physics and Controlled Fusion},
    author = {Haines, M G},
    number = {5},
    pages = {643},
    volume = {38},
    url = {http://iopscience.iop.org/article/10.1088/0741-3335/38/5/001/pdf},
    isbn = {0741-3335},
    doi = {10.1088/0741-3335/38/5/001},
    issn = {0741-3335}
}

@article{TAKAYAMA1993IntroductionI,
    title = {{Introduction To Plasma Physics (I)}},
    year = {1993},
    journal = {Journal of Advanced Science},
    author = {TAKAYAMA, Kazuo and TONEGAWA, Akira},
    number = {2},
    pages = {f11-f14},
    volume = {5},
    isbn = {0750303255},
    doi = {10.2978/jsas.5.2{\_}f11},
    issn = {0915-5651},
    pmid = {21318316},
    arxivId = {0712.0689}
}

@article{Grishina2011MainRussia,
    title = {{Main achievements in research on Plasma Physics and Controlled Fusion in 2010 in Russia}},
    year = {2011},
    journal = {Plasma Physics Reports},
    author = {Grishina, I A and Ivanov, V A and Kovrizhnykh, L M},
    number = {12},
    pages = {1058--1072},
    volume = {37},
    isbn = {1063-780X},
    doi = {Doi 10.1134/S1063780x11110031},
    issn = {1063-780X}
}

@article{Kikuchi2012FusionPhysics,
    title = {{Fusion Physics}},
    year = {2012},
    journal = {Iaea},
    author = {Kikuchi, Mitsuru and Lackner, Karl and Quang, Minh},
    pages = {24--26},
    isbn = {978–92–0–130410–0}
}

@article{2002FundamentalsFusion,
    title = {{Fundamentals of Plasma Physics and Controlled Fusion}},
    year = {2002},
    journal = {Nuclear Fusion},
    author = {{宮本健郎}},
    pages = {641--642},
    volume = {38},
    isbn = {1978646860},
    doi = {10.1088/0029-5515/38/4/701},
    issn = {00295515},
    pmid = {20309313}
}

@inproceedings{Agency1994Plasma1994,
    title = {{Plasma Physics and Controlled Nuclear Fusion Research 1994}},
    year = {1994},
    booktitle = {15th International Conference on Plasma Physics and Controlled Nuclear Fusion Research},
    author = {Agency, International Atomic Energy},
    number = {October},
    pages = {1--809},
    volume = {1},
    isbn = {9201037953},
    doi = {10.1016/0029-554X(80)90521-2},
    issn = {0029554X},
    keywords = {International Atomic Energy Agency}
}

@book{Miyamoto1980PlasmaFusion,
    title = {{Plasma Physics and Controlled Nuclear Fusion}},
    year = {1980},
    booktitle = {Nuclear Instruments and Methods},
    author = {Miyamoto, K.},
    number = {2},
    pages = {407},
    volume = {171},
    isbn = {3-540-24217-1},
    doi = {10.1007/3-540-28097-9},
    issn = {0029554X}
}

@misc{Sattler1999IntensityPlasmas,
    title = {{Intensity interferometry for measurement of electron temperature fluctuations in fusion plasmas}},
    year = {1999},
    booktitle = {Plasma Physics and Controlled Fusion},
    author = {Sattler, S and Hartfuss, H J},
    number = {9},
    pages = {1285--1306},
    volume = {35},
    doi = {10.1088/0741-3335/35/9/016},
    issn = {0741-3335}
}

@misc{Fastfission2008BindingNucleon,
    title = {{Binding Energy Per Nucleon}},
    year = {2008},
    author = {{Fastfission}},
    url = {https://commons.wikimedia.org/wiki/File:Binding_energy_curve_-_common_isotopes.svg}
}

@misc{PythonSoftwareFoundation2013Python2.7,
    title = {{Python Language Reference, version 2.7}},
    year = {2013},
    booktitle = {Python Software Foundation},
    author = {{Python Software Foundation}},
    url = {http://www.python.org},
    doi = {https://www.python.org/}
}

@misc{Leban2014RedManual,
    title = {{Red Pitaya User Manual}},
    year = {2014},
    author = {Leban, Peter},
    url = {http://docs-asia.electrocomponents.com/webdocs/144a/0900766b8144a693.pdf}
}

@misc{Analytics2016AnacondaDistribution,
    title = {{Anaconda Distribution}},
    year = {2016},
    author = {Analytics, Anaconda Continuum},
    url = {https://www.continuum.io/}
}

@misc{KoheronPD100Photodetector,
    title = {{PD100 - Low Noise Photodetector}},
    shorttitle = {KoheronPD100PD},
    author = {{Koheron}},
    url = {https://www.koheron.com/photonics/pd100-photodetection}
}

@misc{KoheronLaserV1,
    title = {{Laser Board for the Red Pitaya v1}},
    shorttitle = {KoheronLaserBoard},
    author = {{Koheron}},
    url = {https://www.koheron.com/photonics/lbrp-laser-board-red-pitaya-v1}
}

@misc{Koheron2016SoftwareKit,
    title = {{Software Development Kit}},
    year = {2016},
    author = {{Koheron}},
    url = {https://github.com/Koheron/koheron-sdk}
}

@misc{KoheronASensor,
    title = {{A Simple Coherent Laser Sensor}},
    author = {{Koheron}},
    url = {https://www.koheron.com/blog/2015/09/10/laser-control}
}

@misc{Community2011NumPy1.7.0,
    title = {{NumPy 1.7.0}},
    year = {2011},
    booktitle = {October},
    author = {Community, NumPy},
    number = {October},
    pages = {1--1146},
    volume = {1},
    url = {http://www.numpy.org/}
}

@misc{EricJonesTravisOliphant0SciPy:Python,
    title = {{{\{}SciPy{\}}: Open source scientific tools for {\{}Python{\}}}},
    year = {0},
    author = {Eric Jones, Travis Oliphant, Pearu Peterson and others},
    url = {http://www.scipy.org/}
}

@article{Vera-Salas2011FPGA-basedInterferometer,
    title = {{FPGA-based smart sensor for online displacement measurements using a heterodyne interferometer}},
    year = {2011},
    journal = {Sensors},
    author = {Vera-Salas, Luis Alberto and Moreno-Tapia, Sandra Veronica and Garcia-Perez, Arturo and Romero-Troncoso, Rene de Jesus and Osornio-Rios, Roque Alfredo and Serroukh, Ibrahim and Cabal-Yepez, Eduardo},
    number = {8},
    pages = {7710--7723},
    volume = {11},
    isbn = {1424-8220},
    doi = {10.3390/s110807710},
    issn = {14248220},
    pmid = {22164040},
    keywords = {FPGA, Heterodyne interferometer, Phase measurement, Smart sensor}
}

@article{Naylor2010AnMAST,
    title = {{An FPGA based control unit for synchronization of laser Thomson scattering measurements to plasma events on MAST}},
    year = {2010},
    journal = {Fusion Engineering and Design},
    author = {Naylor, G.A.},
    number = {3-4},
    pages = {280--285},
    volume = {85},
    url = {http://www.sciencedirect.com/science/article/pii/S0920379610001833},
    doi = {10.1016/j.fusengdes.2010.04.042},
    issn = {09203796},
    keywords = {Data acquisition, FPGA, Real-time, Thomson scattering}
}

@article{Huang2012FPGA-basedSystem,
    title = {{FPGA-based embedded Linux technology in fusion: The MAST microwave imaging system}},
    year = {2012},
    journal = {Fusion Engineering and Design},
    author = {Huang, B. K. and Vann, R. G.L. and Freethy, S. and Myers, R. M. and Naylor, G. and Sharples, R. M. and Shevchenko, V. F.},
    number = {12},
    pages = {2106--2111},
    volume = {87},
    isbn = {0920-3796},
    doi = {10.1016/j.fusengdes.2012.06.004},
    issn = {09203796},
    keywords = {DSP, Digital signal processing, Embedded Linux, FPGA, Fusion, MAST, MicroBlaze, Nuclear fusion, Real-time acquisition, Real-time control, Soft processor}
}

@article{Hernandez-Montero2013RealDiagnostics,
    title = {{Real time FPGA-based crosstalk elimination for multichannel interferometry systems in fusion diagnostics}},
    year = {2013},
    journal = {IEEE Transactions on Nuclear Science},
    author = {Hernandez-Montero, S. and Lopez, J. A. and Sanchez, M. and Esteban, L. and Lopez, C. A.},
    number = {5},
    pages = {3585--3591},
    volume = {60},
    isbn = {9781467310826},
    doi = {10.1109/TNS.2013.2272892},
    issn = {00189499},
    keywords = {Crosstalk, FPGA, diagnostics, hardware implementation, interferometry, line-integrated electron density, nuclear fusion, real time, signal separation}
}

@article{Mansfield1987MultichannelReactor.,
    title = {{Multichannel far-infrared laser interferometer for electron density measurements on the tokamak fusion test reactor.}},
    year = {1987},
    journal = {Applied optics},
    author = {Mansfield, D K and Park, H K and Johnson, L C and Anderson, H M and Chouinard, R and Foote, V S and Ma, C H and Clifton, B J},
    number = {20},
    pages = {4469--74},
    volume = {26},
    url = {http://www.ncbi.nlm.nih.gov/pubmed/20523386},
    doi = {10.1364/AO.26.004469},
    issn = {0003-6935},
    pmid = {20523386}
}

@article{Millan-Almaraz2013FPGA-basedMonitoring,
    title = {{FPGA-based wireless smart sensor for real-time photosynthesis monitoring}},
    year = {2013},
    journal = {Computers and Electronics in Agriculture},
    author = {Millan-Almaraz, Jesus Roberto and Torres-Pacheco, Irineo and Duarte-Galvan, Carlos and Guevara-Gonzalez, Ramon Gerardo and Contreras-Medina, Luis Miguel and Romero-Troncoso, Rene de Jesus and Rivera-Guillen, Jesus Rooney},
    pages = {58--69},
    volume = {95},
    doi = {10.1016/j.compag.2013.04.009},
    issn = {01681699},
    keywords = {FPGA, Photosynthesis, Phytomonitoring, Precision agriculture, Smart sensor, Wireless monitoring}
}

@article{Baker1978DualTokamaks.,
    title = {{Dual laser interferometer for plasma density measurements on large tokamaks.}},
    year = {1978},
    journal = {The Review of scientific instruments},
    author = {Baker, D R and Lee, S T},
    number = {7},
    pages = {919},
    volume = {49},
    url = {http://staff.ustc.edu.cn/~jlxie/PD_refractive_index/%B8%C9%C9%E6%D2%C7-˫ɫ%B8%C9%C9%E6-1978 Dual laser interferometer for plasma density measurements on large tokamaks.pdf},
    doi = {10.1063/1.1135492},
    issn = {00346748},
    pmid = {18699222}
}

@article{Baker1978DualTokamaks.b,
    title = {{Dual laser interferometer for plasma density measurements on large tokamaks.}},
    year = {1978},
    journal = {The Review of scientific instruments},
    author = {Baker, D R and Lee, S T},
    number = {7},
    pages = {919},
    volume = {49},
    doi = {10.1063/1.1135492},
    issn = {00346748},
    pmid = {18699222}
}

@misc{StarlightXpressLtd2007SXVF-H9Manual,
    title = {{SXVF-H9 ExView 'Megapixel' USB CCD camera user manual}},
    year = {2007},
    author = {{Starlight Xpress Ltd}},
    publisher = {Starlight Xpress Ltd},
    url = {https://www.sxccd.com/handbooks/SXVF-H9 handbook.pdf}
}

@misc{Abbot1995InTesting,
    title = {{In Situ CCD Testing}},
    year = {1995},
    author = {Abbot, T. M. C.},
    url = {http://www.astrossp.unam.mx/~sectec/web/instrumentos/ccds/top.pdf}
}

@article{Zissell2000ShutterExposures,
    title = {{Shutter Mapping Correction for Short CCD Exposures}},
    year = {2000},
    journal = {Journal of the American Association of Variable Star Observers},
    author = {Zissell, Ronald E.},
    pages = {149--156},
    volume = {28},
    url = {http://adsabs.harvard.edu/abs/2000JAVSO..28..149Z},
    keywords = {CCD, Photometry}
}

@misc{DiffractionLimited1997MaxImDL,
    title = {{MaxIm DL}},
    year = {1997},
    author = {{Diffraction Limited}},
    publisher = {Diffraction Limited}
}

@article{Zissell2000ShutterExposuresb,
    title = {{Shutter Mapping Correction for Short CCD Exposures}},
    year = {2000},
    journal = {Journal of the American Association of Variable Star Observers},
    author = {Zissell, Ronald E.},
    pages = {149--156},
    volume = {28},
    url = {http://adsabs.harvard.edu/abs/2000JAVSO..28..149Z http://adsbit.harvard.edu/cgi-bin/nph-iarticle_query?journal=JAVSO&year=2000&volume=..28&letter=.&db_key=AST&page_ind=154&data_type=GIF&type=SCREEN_GIF&classic=YES},
    keywords = {CCD, Photometry}
}

@book{Smith2000OpticsIntroduction,
    title = {{Optics and Photonics, An Introduction}},
    year = {2000},
    author = {Smith, F. Graham and King, Terry A.},
    pages = {439},
    publisher = {John Wiley {\&} Sons, Ltd},
    address = {Chichester},
    isbn = {0-471-48924}
}

@book{Martinez1997AAstronomy,
    title = {{A Practical Guide to CCD Astronomy}},
    year = {1997},
    author = {Martinez, Patrick and Klotz, Alain and Demers, Andri and Lena, Pierre},
    publisher = {Cambridge University Press},
    url = {http://ebooks.cambridge.org/ref/id/CBO9780511600197},
    address = {Cambridge},
    isbn = {9780511600197},
    doi = {10.1017/CBO9780511600197}
}

@article{Smith2011TheCCD,
    title = {{The invention and early history of the CCD}},
    year = {2011},
    journal = {Journal of Applied Physics},
    author = {Smith, George E},
    number = {10},
    pages = {102421},
    volume = {109},
    url = {https://doi.org/10.1063/1.3578638},
    doi = {10.1063/1.3578638}
}

@book{Saxby2010TheImaging,
    title = {{The science of imaging}},
    year = {2010},
    author = {Saxby, Graham},
    publisher = {CRC Press}
}

@book{Janesick2001ScientificDevices,
    title = {{Scientific charge-coupled devices}},
    year = {2001},
    author = {Janesick, James R},
    volume = {83},
    publisher = {SPIE press}
}

@book{Freidberg2008PlasmaEnergy,
    title = {{Plasma physics and fusion energy}},
    year = {2008},
    author = {Freidberg, Jeffrey P},
    publisher = {Cambridge university press}
}

@article{Tamm1959TheoryI,
    title = {{Theory of the magnetic thermonuclear reactor, part I}},
    year = {1959},
    journal = {Plasma Physics and the Problem of Controlled Thermonuclear Reactions},
    author = {Tamm, I.E.},
    pages = {3}
}

@article{Smirnov2010Tokamak19501990,
    title = {{Tokamak foundation in USSR/Russia 1950–1990}},
    year = {2010},
    journal = {Nuclear Fusion},
    author = {Smirnov, V P},
    number = {1},
    pages = {14003},
    volume = {50},
    url = {http://stacks.iop.org/0029-5515/50/i=1/a=014003}
}

@book{Shultis2016FundamentalsEdition.,
    title = {{Fundamentals of Nuclear Science and Engineering Third Edition.}},
    year = {2016},
    author = {Shultis, J. Kenneth. and Faw, Richard E. and McGregor, Douglas S.},
    pages = {661},
    publisher = {CRC Press},
    isbn = {1498769314}
}

@misc{CulhamCenterforFusionEnergyResearch:Upgrade,
    title = {{Research: MAST Upgrade}},
    author = {{Culham Center for Fusion Energy}},
    url = {http://www.ccfe.ac.uk/mast_upgrade_project.aspx}
}

@article{Chapman2015OverviewResults,
    title = {{Overview of MAST results}},
    year = {2015},
    journal = {Nuclear Fusion},
    author = {Chapman, I.T. and Adamek, J. and Akers, R.J. and Allan, S. and Appel, L. and Asunta, O. and Barnes, M. and Ayed, N. Ben and Bigelow, T. and Boeglin, W. and Bradley, J. and Br{\"{u}}nner, J. and Cahyna, P. and Carr, M. and Caughman, J. and Cecconello, M. and Challis, C. and Chapman, S. and Chorley, J. and Colyer, G. and Conway, N. and Cooper, W.A. and Cox, M. and Crocker, N. and Crowley, B. and Cunningham, G. and Danilov, A. and Darrow, D. and Dendy, R. and Diallo, A. and Dickinson, D. and Diem, S. and Dorland, W. and Dudson, B. and Dunai, D. and Easy, L. and Elmore, S. and Field, A. and Fishpool, G. and Fox, M. and Fredrickson, E. and Freethy, S. and Garzotti, L. and Ghim, Y.C. and Gibson, K. and Graves, J. and Gurl, C. and Guttenfelder, W. and Ham, C. and Harrison, J. and Harting, D. and Havlickova, E. and Hawke, J. and Hawkes, N. and Hender, T. and Henderson, S. and Highcock, E. and Hillesheim, J. and Hnat, B. and Holgate, J. and Horacek, J. and Howard, J. and Huang, B. and Imada, K. and Jones, O. and Kaye, S. and Keeling, D. and Kirk, A. and Klimek, I. and Kocan, M. and Leggate, H. and Lilley, M. and Lipschultz, B. and Lisgo, S. and Liu, Y.Q. and Lloyd, B. and Lomanowski, B. and Lupelli, I. and Maddison, G. and Mailloux, J. and Martin, R. and McArdle, G. and McClements, K. and McMillan, B. and Meakins, A. and Meyer, H. and Michael, C. and Militello, F. and Milnes, J. and Morris, A.W. and Motojima, G. and Muir, D. and Nardon, E. and Naulin, V. and Naylor, G. and Nielsen, A. and O'Brien, M. and O'Gorman, T. and Ono, Y. and Oliver, H. and Pamela, S. and Pangione, L. and Parra, F. and Patel, A. and Peebles, W. and Peng, M. and Perez, R. and Pinches, S. and Piron, L. and Podesta, M. and Price, M. and Reinke, M. and Ren, Y. and Roach, C. and Robinson, J. and Romanelli, M. and Rozhansky, V. and Saarelma, S. and Sangaroon, S. and Saveliev, A. and Scannell, R. and Schekochihin, A. and Sharapov, S. and Sharples, R. and Shevchenko, V. and Silburn, S. and Simpson, J. and Storrs, J. and Takase, Y. and Tanabe, H. and Tanaka, H. and Taylor, D. and Taylor, G. and Thomas, D. and Thomas-Davies, N. and Thornton, A. and Turnyanskiy, M. and Valovic, M. and Vann, R. and Walkden, N. and Wilson, H. and Wyk, L.V. and Yamada, T. and Zoletnik, S.},
    number = {10},
    month = {10},
    pages = {104008},
    volume = {55},
    url = {http://stacks.iop.org/0029-5515/55/i=10/a=104008?key=crossref.bbeafe3fdd3df92524cf7b69408b98ba},
    doi = {10.1088/0029-5515/55/10/104008},
    issn = {0029-5515}
}

@misc{Hickling2017InvestigationMAST-U,
    title = {{Investigation of a Low-Cost Heterodyne Interferometry System for Diagnostics for MAST-U}},
    year = {2017},
    author = {Hickling, C.J. and Clark, J.G.},
    institution = {Culham Center for Fusion Energy}
}

@article{Esteban2010ContinuousFPGAs,
    title = {{Continuous plasma density measurement in TJ-II infrared interferometer - Advanced signal processing based on FPGAs}},
    year = {2010},
    journal = {Fusion Engineering and Design},
    author = {Esteban, L and S{\'{a}}nchez, M and L{\'{o}}pez, J A and Nieto-Taladriz, O and S{\'{a}}nchez, J},
    pages = {328--331},
    volume = {85},
    url = {https://ac.els-cdn.com/S0920379610001079/1-s2.0-S0920379610001079-main.pdf?_tid=f5045256-c3ba-11e7-922c-00000aab0f6b&acdnat=1510059521_b3a8c61f96ad790644736dd2ef167339},
    doi = {10.1016/j.fusengdes.2010.03.036},
    keywords = {DSP, Data acquisition, FPGA, Multichannel interferometry, Phasemeters, Realtime}
}

@article{IIDA1990EffectsDiagnostics,
    title = {{Effects of 14-MeV Neutron Irradiation on Optical Components for Fusion Diagnostics}},
    year = {1990},
    journal = {Journal of Nuclear Science and Technology},
    author = {IIDA, Toshiyuki and KOSUGA, Masato and SUMITA, Kenji and HEIKKINEN, Dale W.},
    number = {7},
    month = {7},
    pages = {651--662},
    volume = {27},
    publisher = { Taylor {\&} Francis Group },
    url = {http://www.tandfonline.com/doi/abs/10.1080/18811248.1990.9731234},
    doi = {10.1080/18811248.1990.9731234},
    issn = {0022-3131},
    keywords = {MeV range 14, fusion diagnostic detectors, fusion neutron damage, irradiation, neutron beams, neutron-induced back-ground, optical components, optical fibers, physical radiation effects}
}

@article{Hernandez-Montero2013RealDiagnosticsb,
    title = {{Real Time FPGA-Based Crosstalk Elimination for Multichannel Interferometry Systems in Fusion Diagnostics}},
    year = {2013},
    journal = {IEEE Transactions on Nuclear Science},
    author = {Hernandez-Montero, S. and Lopez, J. A. and Sanchez, M. and Esteban, L. and Lopez, C. A.},
    number = {5},
    month = {10},
    pages = {3585--3591},
    volume = {60},
    url = {http://ieeexplore.ieee.org/document/6581926/},
    doi = {10.1109/TNS.2013.2272892},
    issn = {0018-9499}
}

@article{Costley2010TowardsReactor,
    title = {{Towards Diagnostics for a Fusion Reactor}},
    year = {2010},
    journal = {IEEE Transactions on Plasma Science},
    author = {Costley, Alan E. and E., Alan},
    number = {10},
    month = {10},
    pages = {2934--2943},
    volume = {38},
    url = {http://ieeexplore.ieee.org/document/5560872/},
    isbn = {9781424452088},
    doi = {10.1109/TPS.2010.2064182},
    issn = {0093-3813}
}

@article{2010DiagnosticsResearch,
    title = {{Diagnostics for magnetic confinement fusion research}},
    year = {2010},
    journal = {Nuclear Instruments and Methods in Physics Research Section A: Accelerators, Spectrometers, Detectors and Associated Equipment},
    number = {2},
    month = {11},
    pages = {801--805},
    volume = {623},
    publisher = {North-Holland},
    url = {http://www.sciencedirect.com/science/article/pii/S0168900210008028?via%3Dihub},
    doi = {10.1016/J.NIMA.2010.04.009},
    issn = {0168-9002}
}

@article{Kohagura2016A10/PDX,
    title = {{A 60-GHz interferometer with a local oscillator integrated antenna array for divertor simulation experiments on GAMMA 10/PDX}},
    year = {2016},
    journal = {REVIEW OF SCIENTIFIC INSTRUMENTS},
    author = {Kohagura, J and Yoshikawa, M and Wang, X and Kuwahara, D and Ito, N. and Nagayama, Y and Shima, Y and Nojiri, K and Sakamoto, M and Nakashima, Y and Mase, A},
    number = {11},
    month = {11},
    volume = {87},
    publisher = {AMER INST PHYSICS},
    address = {1305 WALT WHITMAN RD, STE 300, MELVILLE, NY 11747-4501 USA},
    doi = {10.1063/1.4961292},
    issn = {0034-6748},
    language = {English}
}

@article{Zhong2016AssessmentSUNIST,
    title = {{Assessment of the beam path deflection for a vertically installed microwave interferometer in SUNIST}},
    year = {2016},
    journal = {REVIEW OF SCIENTIFIC INSTRUMENTS},
    author = {Zhong, H and Ling, B L and Tan, Y and Gao, Z},
    number = {8},
    month = {8},
    volume = {87},
    publisher = {AMER INST PHYSICS},
    address = {1305 WALT WHITMAN RD, STE 300, MELVILLE, NY 11747-4501 USA},
    doi = {10.1063/1.4959979},
    issn = {0034-6748},
    language = {English}
}

@article{Sajjad2015ElectronTokamak,
    title = {{Electron cyclotron emission diagnostics on HT-7 tokamak}},
    year = {2015},
    journal = {EUROPEAN PHYSICAL JOURNAL D},
    author = {Sajjad, Sarwar and Gao, Xiang},
    number = {5},
    month = {5},
    volume = {69},
    publisher = {SPRINGER},
    address = {233 SPRING ST, NEW YORK, NY 10013 USA},
    doi = {10.1140/epjd/e2015-50726-3},
    issn = {1434-6060},
    language = {English}
}

@article{vanBerkel2014EstimationAccount,
    title = {{Estimation of the thermal diffusion coefficient in fusion plasmas taking frequency measurement uncertainties into account}},
    year = {2014},
    journal = {PLASMA PHYSICS AND CONTROLLED FUSION},
    author = {van Berkel, M and Zwart, H J and Hogeweij, G M D and Vandersteen, G. and van den Brand, H and de Baar, M R and Team, ASDEX Upgrade},
    number = {10},
    month = {10},
    volume = {56},
    publisher = {IOP PUBLISHING LTD},
    address = {TEMPLE CIRCUS, TEMPLE WAY, BRISTOL BS1 6BE, ENGLAND},
    doi = {10.1088/0741-3335/56/10/105004},
    issn = {0741-3335},
    keywords = {confidence bounds, diffusion coefficient, electron diffusivity, estimation, perturbative transport, statistics},
    language = {English}
}

@article{Andrasch2014InfluenceInterferometer,
    title = {{Influence of the dielectric surrounding of plasma on the electron density measurement by microwave interferometer}},
    year = {2014},
    journal = {MEASUREMENT SCIENCE AND TECHNOLOGY},
    author = {Andrasch, M and Ehlbeck, J and Weltmann, K-D},
    number = {7},
    month = {7},
    volume = {25},
    publisher = {IOP PUBLISHING LTD},
    address = {TEMPLE CIRCUS, TEMPLE WAY, BRISTOL BS1 6BE, ENGLAND},
    doi = {10.1088/0957-0233/25/7/075004},
    issn = {0957-0233},
    keywords = {circuit, dielectric window, equivalent, etalon fringes, microwave interferometry},
    language = {English}
}

@article{Furtula2012PerformanceUpgrade,
    title = {{Performance measurements of the collective Thomson scattering receiver at ASDEX Upgrade}},
    year = {2012},
    journal = {JOURNAL OF INSTRUMENTATION},
    author = {Furtula, V and Leipold, F and Salewski, M and Michelsen, P K and Korsholm, S B and Meo, F and Moseev, D and Nielsen, S K and Stejner, M and Johansen, T},
    month = {2},
    volume = {7},
    publisher = {IOP PUBLISHING LTD},
    address = {TEMPLE CIRCUS, TEMPLE WAY, BRISTOL BS1 6BE, ENGLAND},
    doi = {10.1088/1748-0221/7/02/C02039},
    issn = {1748-0221},
    keywords = {Microwave radiometers, Nuclear instruments and methods for hot plasma, Plasma diagnostics - interferometry, diagnostics, imaging, spectroscopy and},
    language = {English}
}

@article{Yu2012RecentPerformance,
    title = {{Recent advances in ECE imaging performance}},
    year = {2012},
    journal = {JOURNAL OF INSTRUMENTATION},
    author = {Yu, L and Domier, C W and Kong, X and Che, S and Tobias, B and Park, H and Yu, C X and Luhmann Jr., N C},
    month = {2},
    volume = {7},
    publisher = {IOP PUBLISHING LTD},
    address = {TEMPLE CIRCUS, TEMPLE WAY, BRISTOL BS1 6BE, ENGLAND},
    doi = {10.1088/1748-0221/7/02/C02055},
    issn = {1748-0221},
    keywords = {Plasma diagnostics - interferometry, spectroscopy and imaging; Nuclear{\\\}instruments and methods for hot plasma diagnostics},
    language = {English}
}

@article{Esteban2011DevelopmentIR-Interferometers,
    title = {{Development of Efficient FPGA-Based Multi-Channel Phase Meters for IR-Interferometers}},
    year = {2011},
    journal = {IEEE TRANSACTIONS ON NUCLEAR SCIENCE},
    author = {Esteban, Luis and Sanchez, Miguel and Antonio Lopez, Juan and Kornejew, Petra and Hirsch, Matthias and Nieto-Taladriz, Octavio},
    number = {4, 1},
    month = {8},
    pages = {1562--1569},
    volume = {58},
    publisher = {IEEE-INST ELECTRICAL ELECTRONICS ENGINEERS INC},
    address = {445 HOES LANE, PISCATAWAY, NJ 08855-4141 USA},
    doi = {10.1109/TNS.2011.2159739},
    issn = {0018-9499},
    keywords = {FPGA, infrared interferometry, phase meter, real-time processing},
    language = {English}
}

@article{Ehlbeck2011ElectronInterferometers,
    title = {{Electron Density Determination by Means of Tuneable 50 GHz and 150 GHz Interferometers}},
    year = {2011},
    journal = {CONTRIBUTIONS TO PLASMA PHYSICS},
    author = {Ehlbeck, J and Rackow, K and Andrasch, M and Weltmann, K -D.},
    number = {2-3, SI},
    month = {3},
    pages = {131--136},
    volume = {51},
    publisher = {WILEY-BLACKWELL},
    address = {COMMERCE PLACE, 350 MAIN ST, MALDEN 02148, MA USA},
    doi = {10.1002/ctpp.201000069},
    issn = {0863-1042},
    keywords = {Electron density, fluorescent lamp, inductive coupled, interferometer, plasma},
    language = {English}
}

@article{Esteban2010CONTINUOUSADCs,
    title = {{CONTINUOUS PHASE MEASUREMENT IN THE W7-X INFRARED INTERFEROMETER BY MEANS OF A FPGA AND HIGH-SPEED ADCs}},
    year = {2010},
    journal = {FUSION SCIENCE AND TECHNOLOGY},
    author = {Esteban, L and Sanchez, M and Sanchez, J and Kornejew, P and Hirsch, M. and Lopez, J A and Fernandez, A and Nieto-Taladriz, O},
    number = {3},
    month = {11},
    pages = {771--777},
    volume = {58},
    publisher = {AMER NUCLEAR SOC},
    address = {555 N KENSINGTON AVE, LA GRANGE PK, IL 60526 USA},
    issn = {1536-1055},
    keywords = {digital signal processing, infrared interferometry, real-time processing},
    language = {English}
}

@article{Boxer2009MultichannelExperiment,
    title = {{Multichannel microwave interferometer for the levitated dipole experiment}},
    year = {2009},
    journal = {REVIEW OF SCIENTIFIC INSTRUMENTS},
    author = {Boxer, Alexander C and Garnier, Darren T and Mauel, Michael E},
    number = {4},
    month = {4},
    volume = {80},
    publisher = {AMER INST PHYSICS},
    address = {CIRCULATION {\&} FULFILLMENT DIV, 2 HUNTINGTON QUADRANGLE, STE 1 N O 1, MELVILLE, NY 11747-4501 USA},
    doi = {10.1063/1.3095684},
    issn = {0034-6748},
    keywords = {calibration, electromagnetic wave interferometry, microwave measurement, plasma density, plasma diagnostics},
    language = {English}
}

@article{Leipold2008HeterodyneMicrowaves,
    title = {{Heterodyne detector for measuring the characteristic of elliptically polarized microwaves}},
    year = {2008},
    journal = {REVIEW OF SCIENTIFIC INSTRUMENTS},
    author = {Leipold, Frank and Nielsen, Stefan and Michelsen, Susanne},
    number = {6},
    month = {6},
    volume = {79},
    publisher = {AMER INST PHYSICS},
    address = {CIRCULATION {\&} FULFILLMENT DIV, 2 HUNTINGTON QUADRANGLE, STE 1 N O 1, MELVILLE, NY 11747-4501 USA},
    doi = {10.1063/1.2937651},
    issn = {0034-6748},
    language = {English}
}

@article{Donne2008Laser-aidedDiagnostics,
    title = {{Laser-aided plasma diagnostics}},
    year = {2008},
    journal = {FUSION SCIENCE AND TECHNOLOGY},
    author = {Donne, A J H and Barth, C J and Weisen, H},
    number = {2},
    month = {2},
    pages = {397--430},
    volume = {53},
    publisher = {AMER NUCLEAR SOC},
    address = {555 N KENSINGTON AVE, LA GRANGE PK, IL 60526 USA},
    issn = {1536-1055},
    keywords = {plasma diagnostics; laser diagnostics; magnetic confinement fusion},
    language = {English}
}

@article{Udintsev2006StudiesSupra,
    title = {{Studies of high frequency hot ion instabilities by means of correlation ECE on Tore Supra}},
    year = {2006},
    journal = {PLASMA PHYSICS AND CONTROLLED FUSION},
    author = {Udintsev, V S and Goniche, M and Giruzzi, G and Huysmans, G T A and Imbeaux, F and Maget, P and Garbet, X and Sabot, R and Segui, J L and Turco, F and Goodman, T P and Molina, D and Weisen, H and Team, Tore Supra},
    number = {3},
    month = {3},
    pages = {L33-L44},
    volume = {48},
    publisher = {IOP PUBLISHING LTD},
    address = {TEMPLE CIRCUS, TEMPLE WAY, BRISTOL BS1 6BE, ENGLAND},
    doi = {10.1088/0731-3335/48/3/L02},
    issn = {0741-3335},
    language = {English}
}

@article{Watts2004UpperC-Mod,
    title = {{Upper limit on turbulent electron temperature fluctuations in the core of Alcator C-Mod}},
    year = {2004},
    journal = {NUCLEAR FUSION},
    author = {Watts, C and In, Y and Heard, J and Phillips, P and Lynn, A and Hubbard, A and Gandy, R},
    number = {9},
    month = {9},
    pages = {987--991},
    volume = {44},
    publisher = {INT ATOMIC ENERGY AGENCY},
    address = {WAGRAMERSTRASSE 5, PO BOX 100, A-1400 VIENNA, AUSTRIA},
    doi = {10.1088/0029-5515/44/9/007},
    issn = {0029-5515},
    language = {English}
}

@article{Jun2004OpticalTokamak,
    title = {{Optical design of ECEI diagnostic system for HT-7 tokamak}},
    year = {2004},
    journal = {PLASMA SCIENCE {\&} TECHNOLOGY},
    author = {Jun, W and Wen, Y Z and Yu, C X and Wan, B N and Luhmann, N C and Wang, J},
    number = {1},
    month = {2},
    pages = {2166--2171},
    volume = {6},
    publisher = {SCIENCE CHINA PRESS},
    address = {16 DONGHUANGCHENGGEN NORTH ST, BEIJING 100717, PEOPLES R CHINA},
    doi = {10.1088/1009-0630/6/1/009},
    issn = {1009-0630},
    keywords = {electron cyclotron emission imaging; optical design; electron{\\\}temperature and its fluctuations},
    language = {English}
}

@article{Deng2001ECEinvited,
    title = {{ECE imaging of electron temperature and electron temperature fluctuations (invited)}},
    year = {2001},
    journal = {REVIEW OF SCIENTIFIC INSTRUMENTS},
    author = {Deng, B H and Domier, C W and Luhmann, N C and Brower, D L and Cima, G and Donne, A J H and Oyevaar, T and van de Pol, M J},
    number = {1, 2},
    month = {1},
    pages = {301--306},
    volume = {72},
    publisher = {AMER INST PHYSICS},
    address = {2 HUNTINGTON QUADRANGLE, STE 1NO1, MELVILLE, NY 11747-4501 USA},
    doi = {10.1063/1.1319864},
    issn = {0034-6748},
    language = {English}
}

@article{Baddeley2000TheMemory,
    title = {{The episodic buffer: a new component of working memory?}},
    year = {2000},
    journal = {Trends in cognitive sciences},
    author = {Baddeley, Alan},
    number = {11},
    month = {11},
    pages = {417--423},
    volume = {4},
    publisher = {Elsevier},
    url = {http://www.ncbi.nlm.nih.gov/pubmed/11058819},
    doi = {10.1016/S1364-6613(00)01538-2},
    issn = {1879-307X},
    pmid = {11058819}
}

@article{WuHeterodyneNanometrology,
    title = {{Heterodyne interferometer with two spatial- separated polarization beams for nanometrology}},
    author = {Wu, C. M. and Lin, S. T. and Fu, J},
    url = {https://link.springer.com/content/pdf/10.1023%2FA%3A1021355410552.pdf}
}

@phdthesis{Smith2013PhysicalInterferometer,
    title = {{Physical Optics Analysis of a Fiber-Delivered Displacement Interferometer}},
    year = {2013},
    author = {Smith, Richard C G and Ellis, Jonathan D},
    school = {University of Rochester}
}